<?xml version = "1.0" encoding = "UTF-8"?><OAI-PMH xmlns="http://www.openarchives.org/OAI/2.0/" xmlns:xsi="http://www.w3.org/2001/XMLSchema-instance" xsi:schemaLocation="http://www.openarchives.org/OAI/2.0/ http://www.openarchives.org/OAI/2.0/OAI-PMH.xsd"><ListRecords><record><header><identifier>aleph-publish:005778018</identifier></header><metadata><record xmlns="http://www.ddb.de/professionell/mabxml/mabxml-1.xsd"><leader>00725vM2.01200024------h</leader><controlfield tag="LDR">00725vM2.01200024------h</controlfield><controlfield tag="FMT">MH</controlfield><datafield tag="001" ind1="-" ind2="1"><subfield code="a">HT005233681</subfield></datafield><datafield tag="002" ind1="a" ind2="1"><subfield code="a">19980409</subfield></datafield><datafield tag="003" ind1="-" ind2="1"><subfield code="a">20150122</subfield></datafield><datafield tag="026" ind1="-" ind2="1"><subfield code="a">HBZHT005233681</subfield></datafield><controlfield tag="030">a|1uc||||||17</controlfield><datafield tag="036" ind1="a" ind2="1"><subfield code="a">DE</subfield></datafield><datafield tag="037" ind1="b" ind2="1"><subfield code="a">ger</subfield></datafield><controlfield tag="050">a|||||||||||||</controlfield><controlfield tag="051">s|||||||</controlfield><datafield tag="070" ind1="-" ind2="1"><subfield code="a">361</subfield></datafield><datafield tag="070" ind1="b" ind2="1"><subfield code="a">5</subfield></datafield><datafield tag="080" ind1="-" ind2="1"><subfield code="a">60</subfield></datafield><datafield tag="100" ind1="-" ind2="1"><subfield code="p">Below, Georg &lt;&lt;von&gt;&gt;</subfield><subfield code="d">1858-1927</subfield><subfield code="9">(DE-588)118658085</subfield></datafield><datafield tag="101" ind1="-" ind2="1"><subfield code="p">Below, Georg Anton Hugo &lt;&lt;von&gt;&gt;</subfield><subfield code="d">1858-1927</subfield></datafield><datafield tag="101" ind1="-" ind2="1"><subfield code="p">Below, Anton Hugo Georg &lt;&lt;von&gt;&gt;</subfield><subfield code="d">1858-1927</subfield></datafield><datafield tag="101" ind1="-" ind2="1"><subfield code="p">Below, G. &lt;&lt;von&gt;&gt;</subfield><subfield code="d">1858-1927</subfield></datafield><datafield tag="101" ind1="-" ind2="1"><subfield code="p">Below, G. &lt;&lt;v.&gt;&gt;</subfield><subfield code="d">1858-1927</subfield></datafield><datafield tag="101" ind1="-" ind2="1"><subfield code="p">Below, Georgius &lt;&lt;de&gt;&gt;</subfield><subfield code="d">1858-1927</subfield></datafield><datafield tag="300" ind1="-" ind2="1"><subfield code="a">Sammlung</subfield></datafield><datafield tag="331" ind1="-" ind2="1"><subfield code="a">&lt;&lt;Die&gt;&gt; deutsche Geschichtschreibung von den Befreiungskriegen bis zu unseren Tagen</subfield></datafield><datafield tag="335" ind1="-" ind2="1"><subfield code="a">Geschichtschreibung und Geschichtsauffassung</subfield></datafield><datafield tag="361" ind1="-" ind2="1"><subfield code="a">Mit einer Beigabe: Die deutsche wirtschaftsgeschichtliche Literatur und der Ursprung des Marxismus / von Georg von Below</subfield></datafield><datafield tag="403" ind1="-" ind2="1"><subfield code="a">Neudr. der 2. Aufl. München und Berlin 1924</subfield></datafield><datafield tag="410" ind1="-" ind2="1"><subfield code="a">Aalen</subfield></datafield><datafield tag="412" ind1="-" ind2="1"><subfield code="a">Scientia-Verl.</subfield></datafield><datafield tag="425" ind1="a" ind2="1"><subfield code="a">1973</subfield></datafield><datafield tag="433" ind1="-" ind2="1"><subfield code="a">XVI, 207 S.</subfield></datafield><datafield tag="451" ind1="-" ind2="1"><subfield code="a">Handbuch der mittelalterlichen und neueren Geschichte : Abt. 1, Allgemeines</subfield></datafield><datafield tag="453" ind1="-" ind2="1"><subfield code="a">HT002964659</subfield></datafield><datafield tag="455" ind1="-" ind2="1"><subfield code="a">Abt. 1, Allgemeines</subfield></datafield><datafield tag="456" ind1="-" ind2="1"><subfield code="a">1,Below</subfield></datafield><datafield tag="540" ind1="a" ind2="1"><subfield code="a">3-511-00463-2</subfield></datafield><controlfield tag="SYS">005778018</controlfield><datafield tag="LOW" ind1="-" ind2="1"><subfield code="a">M1092</subfield></datafield><datafield tag="LOW" ind1="-" ind2="1"><subfield code="a">C0001</subfield></datafield><datafield tag="LOW" ind1="-" ind2="1"><subfield code="a">M1073</subfield></datafield><datafield tag="LOW" ind1="-" ind2="1"><subfield code="a">Q1146</subfield></datafield><datafield tag="HID" ind1="-" ind2="1"><subfield code="s">DTL2ALEPH</subfield><subfield code="c">20150727</subfield><subfield code="l">HBZ01</subfield><subfield code="h">0601</subfield></datafield><datafield tag="088" ind1=" " ind2=" "><subfield code="a">361</subfield><subfield code="b">00000014</subfield><subfield code="c">CD720 B452(2)</subfield><subfield code="e">Keine Angabe</subfield></datafield><datafield tag="088" ind1=" " ind2=" "><subfield code="a">6/164</subfield><subfield code="b">00075014</subfield><subfield code="c">63 B 722</subfield><subfield code="e">keine ILL</subfield></datafield><datafield tag="088" ind1=" " ind2=" "><subfield code="a">6/186</subfield><subfield code="b">00195001</subfield><subfield code="c">T 12</subfield><subfield code="e">keine ILL</subfield></datafield><datafield tag="088" ind1=" " ind2=" "><subfield code="a">5/74</subfield><subfield code="b">00055000</subfield><subfield code="c">S 58</subfield><subfield code="e">keine ILL</subfield></datafield><datafield tag="088" ind1=" " ind2=" "><subfield code="a">468</subfield><subfield code="b">21</subfield><subfield code="c">KXFB1020(2)</subfield><subfield code="e">ausleihbar</subfield></datafield><datafield tag="088" ind1=" " ind2=" "><subfield code="a">385</subfield><subfield code="c">xa2715</subfield><subfield code="e">Normalausleihe</subfield></datafield><datafield tag="088" ind1=" " ind2=" "><subfield code="a">467</subfield><subfield code="b">H21-4</subfield><subfield code="c">21KXFB1038(2)</subfield><subfield code="e">Ausleihbar</subfield></datafield><datafield tag="088" ind1=" " ind2=" "><subfield code="a">385</subfield><subfield code="c">w2747-1,2(2)</subfield><subfield code="e">Normalausleihe</subfield></datafield><datafield tag="088" ind1=" " ind2=" "><subfield code="a">465</subfield><subfield code="b">E11</subfield><subfield code="c">KXFB1012(2)</subfield><subfield code="e">Ausleihbestand</subfield></datafield><datafield tag="088" ind1=" " ind2=" "><subfield code="a">131</subfield></datafield><datafield tag="088" ind1=" " ind2=" "><subfield code="a">Bo 133</subfield></datafield><datafield tag="655" ind1="e" ind2=" "><subfield code="u">http://digitool.hbz-nrw.de:1801/webclient/DeliveryManager?pid=6348285&amp;custom_att_2=simple_viewer</subfield><subfield code="y">Die deutsche Geschichtschreibung von den Befreiungskriegen bis zu unseren Tagen</subfield><subfield code="x">Inhaltsverzeichnis</subfield></datafield></record></metadata></record></ListRecords></OAI-PMH>